<record><leader>00000cas a2200000 a 4500</leader><controlfield tag="001">12542745</controlfield><controlfield tag="008">850912d1911192uksuwr ne      0    0eng d</controlfield><datafield ind1=" " ind2=" " tag="010"><subfield code="a">sn 85030770 </subfield></datafield><datafield ind1=" " ind2=" " tag="040"><subfield code="a">KSH</subfield><subfield code="b">eng</subfield><subfield code="c">KSH</subfield><subfield code="d">NPT</subfield><subfield code="d">OCL</subfield><subfield code="d">OCLCQ</subfield></datafield><datafield ind1=" " ind2=" " tag="042"><subfield code="a">msc</subfield></datafield><datafield ind1="0" ind2="4" tag="245"><subfield code="a">The Andale globe.</subfield></datafield><datafield ind1=" " ind2=" " tag="260"><subfield code="a">Andale, Kan. :</subfield><subfield code="b">Percy Torrey</subfield></datafield><datafield ind1=" " ind2=" " tag="300"><subfield code="a">v. :</subfield><subfield code="b">ill. ;</subfield><subfield code="c">40-54 cm.</subfield></datafield><datafield ind1=" " ind2=" " tag="310"><subfield code="a">Weekly</subfield></datafield><datafield ind1="1" ind2=" " tag="362"><subfield code="a">Began in 1911.</subfield><subfield code="z">Cf. Ayer, 1914.</subfield></datafield><datafield ind1=" " ind2=" " tag="500"><subfield code="a">Published by W. Arthur Hayman, Jan. 15, 1920-</subfield></datafield><datafield ind1=" " ind2=" " tag="515"><subfield code="a">Suspended with Nov. 16, 1922 issue; resumed with Apr. 25, 1923 issue.</subfield></datafield><datafield ind1=" " ind2=" " tag="515"><subfield code="a">Issues for Apr. 25-May 10, 1923 numbered v. 1, no. 1-3.</subfield></datafield><datafield ind1=" " ind2=" " tag="588"><subfield code="a">Description based on: Vol. 1, no. 11 (Nov. 15, 1911).</subfield></datafield><datafield ind1=" " ind2=" " tag="752"><subfield code="a">United States</subfield><subfield code="b">Kansas</subfield><subfield code="c">Sedgwick</subfield><subfield code="d">Andale.</subfield></datafield><datafield ind1="1" ind2=" " tag="029"><subfield code="a">AU@</subfield><subfield code="b">000022172892</subfield></datafield></record>